@article{b3,
  title={YOLO9000: Better, Faster, Stronger},
  author={Redmon, Joseph and Farhadi, Ali},
  journal={arXiv preprint arXiv:1612.08242},
  year={2016}
}

@Inbook{hungarian,
author="Erciyes, K.",
title="Matching",
bookTitle="Guide to Graph Algorithms: Sequential, Parallel and Distributed",
year="2018",
publisher="Springer International Publishing",
address="Cham",
pages="263--303",
isbn="978-3-319-73235-0",
doi="10.1007/978-3-319-73235-0_9",
url="https://doi.org/10.1007/978-3-319-73235-0_9"
}

@article{batch,
  author    = {Sergey Ioffe and
               Christian Szegedy},
  title     = {Batch Normalization: Accelerating Deep Network Training by Reducing
               Internal Covariate Shift},
  journal   = {CoRR},
  volume    = {abs/1502.03167},
  year      = {2015},
  url       = {http://arxiv.org/abs/1502.03167},
  archivePrefix = {arXiv},
  eprint    = {1502.03167},
  timestamp = {Mon, 13 Aug 2018 16:47:06 +0200},
  biburl    = {https://dblp.org/rec/journals/corr/IoffeS15.bib},
  bibsource = {dblp computer science bibliography, https://dblp.org}
}

@article{dropblock,
  author    = {Golnaz Ghiasi and
               Tsung{-}Yi Lin and
               Quoc V. Le},
  title     = {DropBlock: {A} regularization method for convolutional networks},
  journal   = {CoRR},
  volume    = {abs/1810.12890},
  year      = {2018},
  url       = {http://arxiv.org/abs/1810.12890},
  archivePrefix = {arXiv},
  eprint    = {1810.12890},
  timestamp = {Thu, 08 Nov 2018 10:57:46 +0100},
  biburl    = {https://dblp.org/rec/journals/corr/abs-1810-12890.bib},
  bibsource = {dblp computer science bibliography, https://dblp.org}
}

@inproceedings{b10,
  title={Path aggregation network for instance segmentation},
  author={Liu, Shu and Qi, Lu and Qin, Haifang and Shi, Jianping and Jia, Jiaya},
  booktitle={Proceedings of the IEEE conference on computer vision and pattern recognition},
  pages={8759--8768},
  year={2018}
}

@article{dropout,
  title={Dropout: a simple way to prevent neural networks from overfitting},
  author={Srivastava, Nitish and Hinton, Geoffrey and Krizhevsky, Alex and Sutskever, Ilya and Salakhutdinov, Ruslan},
  journal={The journal of machine learning research},
  volume={15},
  number={1},
  pages={1929--1958},
  year={2014},
  publisher={JMLR. org}
}

@inproceedings{csp,
  title={CSPNet: A new backbone that can enhance learning capability of CNN},
  author={Wang, Chien-Yao and Liao, Hong-Yuan Mark and Wu, Yueh-Hua and Chen, Ping-Yang and Hsieh, Jun-Wei and Yeh, I-Hau},
  booktitle={Proceedings of the IEEE/CVF conference on computer vision and pattern recognition workshops},
  pages={390--391},
  year={2020}
}

@article{cutmix,
  author    = {Sangdoo Yun and
               Dongyoon Han and
               Seong Joon Oh and
               Sanghyuk Chun and
               Junsuk Choe and
               Youngjoon Yoo},
  title     = {CutMix: Regularization Strategy to Train Strong Classifiers with Localizable
               Features},
  journal   = {CoRR},
  volume    = {abs/1905.04899},
  year      = {2019},
  url       = {http://arxiv.org/abs/1905.04899},
  archivePrefix = {arXiv},
  eprint    = {1905.04899},
  timestamp = {Tue, 28 May 2019 12:48:08 +0200},
  biburl    = {https://dblp.org/rec/journals/corr/abs-1905-04899.bib},
  bibsource = {dblp computer science bibliography, https://dblp.org}
}


@article{nms,
  author    = {Jan Hendrik Hosang and
               Rodrigo Benenson and
               Bernt Schiele},
  title     = {Learning non-maximum suppression},
  journal   = {CoRR},
  volume    = {abs/1705.02950},
  year      = {2017},
  url       = {http://arxiv.org/abs/1705.02950},
  archivePrefix = {arXiv},
  eprint    = {1705.02950},
  timestamp = {Mon, 13 Aug 2018 16:46:59 +0200},
  biburl    = {https://dblp.org/rec/journals/corr/HosangBS17.bib},
  bibsource = {dblp computer science bibliography, https://dblp.org}
}

@article{b4,   
	title={YOLOv3: An Incremental Improvement},   
	author={Redmon, Joseph and Farhadi, Ali},  
	 journal = {arXiv},   
	year={2018} 
}

@inproceedings{b1,   
  title={You only look once: Unified, real-time object detection},   
  author={Redmon, Joseph and Divvala, Santosh and Girshick, Ross and Farhadi, Ali},   
  booktitle={Proceedings of the IEEE conference on computer vision and pattern recognition},  
  pages={779--788},   
  year={2016} 
}

@article{kmeans,
  title={Klassifikation mit Clusteranalyse: Grundlegende Techniken hierarchischer und k-means-Verfahren},
  author={Wiedenbeck, Michael and Z{\"u}ll, Cornelia},
  year={2001},
  publisher={DEU}
}

@inproceedings{sort,
  title={Simple online and realtime tracking},
  author={Bewley, Alex and Ge, Zongyuan and Ott, Lionel and Ramos, Fabio and Upcroft, Ben},
  booktitle={2016 IEEE international conference on image processing (ICIP)},
  pages={3464--3468},
  year={2016},
  organization={IEEE}
}

@article{b2,
  author    = {Alexey Bochkovskiy and
               Chien{-}Yao Wang and
               Hong{-}Yuan Mark Liao},
  title     = {YOLOv4: Optimal Speed and Accuracy of Object Detection},
  journal   = {CoRR},
  volume    = {abs/2004.10934},
  year      = {2020},
  url       = {https://arxiv.org/abs/2004.10934},
  archivePrefix = {arXiv},
  eprint    = {2004.10934},
  timestamp = {Tue, 28 Apr 2020 16:10:02 +0200},
  biburl    = {https://dblp.org/rec/journals/corr/abs-2004-10934.bib},
  bibsource = {dblp computer science bibliography, https://dblp.org}
}

@inproceedings{deepSort,   title={Simple online and realtime tracking with a deep association metric},   author={Wojke, Nicolai and Bewley, Alex and Paulus, Dietrich},   booktitle={2017 IEEE international conference on image processing (ICIP)},   pages={3645--3649},   year={2017},   organization={IEEE} }

@article{kalman,
  title={An introduction to the Kalman filter},
  author={Welch, Greg and Bishop, Gary and others},
  year={1995},
  publisher={Chapel Hill, NC, USA}
}

@article{diou,
  author    = {Zhaohui Zheng and
               Ping Wang and
               Wei Liu and
               Jinze Li and
               Rongguang Ye and
               Dongwei Ren},
  title     = {Distance-IoU Loss: Faster and Better Learning for Bounding Box Regression},
  journal   = {CoRR},
  volume    = {abs/1911.08287},
  year      = {2019},
  url       = {http://arxiv.org/abs/1911.08287},
  archivePrefix = {arXiv},
  eprint    = {1911.08287},
  timestamp = {Mon, 02 Dec 2019 17:48:37 +0100},
  biburl    = {https://dblp.org/rec/journals/corr/abs-1911-08287.bib},
  bibsource = {dblp computer science bibliography, https://dblp.org}
}

@article{b9,
  title={Spatial pyramid pooling in deep convolutional networks for visual recognition},
  author={He, Kaiming and Zhang, Xiangyu and Ren, Shaoqing and Sun, Jian},
  journal={IEEE transactions on pattern analysis and machine intelligence},
  volume={37},
  number={9},
  pages={1904--1916},
  year={2015},
  publisher={IEEE}
}

@article{b7,
  author    = {Diganta Misra},
  title     = {Mish: {A} Self Regularized Non-Monotonic Neural Activation Function},
  journal   = {CoRR},
  volume    = {abs/1908.08681},
  year      = {2019},
  url       = {http://arxiv.org/abs/1908.08681},
  archivePrefix = {arXiv},
  eprint    = {1908.08681},
  timestamp = {Sat, 23 Jan 2021 01:21:02 +0100},
  biburl    = {https://dblp.org/rec/journals/corr/abs-1908-08681.bib},
  bibsource = {dblp computer science bibliography, https://dblp.org}
}

@misc{z1,
author={dpa},
title = {S-Bahn-Strammstrecke in München für Arbeiten gesperrt},
year = {2020},
journal = {Zeit Online},
url ={https://www.zeit.de/news/2020-10/18/s-bahn-stammstrecke-in-muenchen-fuer-arbeiten-gesperrt}
}
@inproceedings{mog1,
  title={Algorithm and architecture co-design of Mixture of Gaussian (MoG) background subtraction for embedded vision},
  author={Tabkhi, Hamed and Bushey, Robert and Schirner, Gunar},
  booktitle={2013 Asilomar Conference on Signals, Systems and Computers},
  pages={1815--1820},
  year={2013},
  organization={IEEE}
}

@misc{s1,
author={Thakur, Abhishek Singh},
title = {Video Stabilization Using Point Feature Matching in OpenCV},
year = {2019},
url ={https://learnopencv.com/video-stabilization-using-point-feature-matching-in-opencv/}
}

@misc{s2,
author={},
title = {Optical Flow},
year = {},
journal = {},
url ={https://docs.opencv.org/3.4/d4/dee/tutorial_optical_flow.html}
}

@misc{s3,
author={},
title = {Shi-Tomasi Corner Detector \& Good Features to Track },
year = {},
journal = {},
url ={https://docs.opencv.org/3.4/d4/d8c/tutorial_py_shi_tomasi.html}
}
@misc{s4,
author={},
title = {Object Tracking},
year = {},
journal = {},
url ={https://docs.opencv.org/3.4/dc/d6b/group__video__track.html}
}
@misc{ed,
author={},
title = {Eroding and Dilating},
year = {},
journal = {},
url ={https://docs.opencv.org/3.4.12/db/df6/tutorial_erosion_dilatation.html}
}

@misc{m1,
author={Marvin Suhr},
title = {Gaussian Mixture Models und der EM-Algorithmus},
year = {2016},
journal = {},
url ={https://www.cs.hs-rm.de/~ulges/teaching/15MLSEM/files/folien/suhr.pdf}
}
@misc{m2,
author={},
title = {Background Subtraction},
year = {2016},
journal = {},
url ={https://opencv24-python-tutorials.readthedocs.io/en/latest/py_tutorials/py_video/py_bg_subtraction/py_bg_subtraction.html}
}

@misc{m4,
author={},
title = {How to Use Background Subtraction Methods},
year = {},
journal = {},
url ={https://docs.opencv.org/3.4/d1/dc5/tutorial_background_subtraction.html}
}

@article{m3,
  title={Review of background subtraction methods using Gaussian mixture model for video surveillance systems},
  author={Goyal, Kalpana and Singhai, Jyoti},
  journal={Artificial Intelligence Review},
  volume={50},
  number={2},
  pages={241--259},
  year={2018},
  publisher={Springer}
}

@misc{b5,
author={Hui, Jonathan},
title = {Real-time Object Detection with YOLO, YOLOv2 and now YOLOv3},
year = {2018},
journal = {medium.com},
url ={https://jonathan-hui.medium.com/real-time-object-detection-with-yolo-yolov2-28b1b93e2088}
}

@misc{b8,
author={Hui, Jonathan},
title = {YOLOv4},
year = {2020},
journal = {medium.com},
url ={https://jonathan-hui.medium.com/yolov4-c9901eaa8e61}
}

@inproceedings{b6,
  title={Feature pyramid networks for object detection},
  author={Lin, Tsung-Yi and Doll{\'a}r, Piotr and Girshick, Ross and He, Kaiming and Hariharan, Bharath and Belongie, Serge},
  booktitle={Proceedings of the IEEE conference on computer vision and pattern recognition},
  pages={2117--2125},
  year={2017}
}

@misc{b0,
author={Zambare, Sarang},
title = {Object detection: using non-max supression over YOLOv2},
year = {2019},
journal = {medium.com},
url ={https://medium.com/@sarangzambare/object-detection-using-non-max-supression-over-yolov2-382a90212b51}
}


@misc{stab,
author={},
title = {Bildstabilisierung},
year = {},
journal = {},
url ={https://de.wikipedia.org/wiki/Bildstabilisierung}
}

@inproceedings{cbam,
  title={Cbam: Convolutional block attention module},
  author={Woo, Sanghyun and Park, Jongchan and Lee, Joon-Young and Kweon, In So},
  booktitle={Proceedings of the European conference on computer vision (ECCV)},
  pages={3--19},
  year={2018}
}

@inproceedings{rcnn,
  title={Rich feature hierarchies for accurate object detection and semantic segmentation},
  author={Girshick, Ross and Donahue, Jeff and Darrell, Trevor and Malik, Jitendra},
  booktitle={Proceedings of the IEEE conference on computer vision and pattern recognition},
  pages={580--587},
  year={2014}
}